<?xml version="1.0" encoding="UTF-8"?><collection><record><leader>07056ntm a2200577 a 4500</leader><controlfield tag="001">006834423</controlfield><controlfield tag="003">MiAaHDL</controlfield><controlfield tag="005">20190719000000.0</controlfield><controlfield tag="006">m        d        </controlfield><controlfield tag="007">cr bn ---auaua</controlfield><controlfield tag="008">090706s1869    xx            00| ||ara d</controlfield><datafield tag="035" ind1=" " ind2=" "><subfield code="a">(MiU)006834423</subfield></datafield><datafield tag="035" ind1=" " ind2=" "><subfield code="a">sdr-miu006834423</subfield></datafield><datafield tag="040" ind1=" " ind2=" "><subfield code="a">MiU</subfield><subfield code="c">MiU</subfield><subfield code="e">amremm</subfield></datafield><datafield tag="043" ind1=" " ind2=" "><subfield code="a">n-us-mi</subfield><subfield code="a">f-mr---</subfield></datafield><datafield tag="100" ind1="1" ind2=" "><subfield code="6">880-01</subfield><subfield code="a">Ṭāhirī al-Jūṭī, Ḥamdūn ibn Muḥammad,</subfield><subfield code="d">d. 1777.</subfield></datafield><datafield tag="245" ind1="1" ind2="0"><subfield code="6">880-03</subfield><subfield code="a">Tuḥfat al-ikhwān bi-baʻḍ manāqib shurafāʼ Wazzān,</subfield><subfield code="f">[1286, i.e. 1869].</subfield></datafield><datafield tag="246" ind1="3" ind2=" "><subfield code="i">Title from heading at opening on p.4</subfield><subfield code="a">هذا اقوال مولانا عبد الله الشريف الحسيني</subfield></datafield><datafield tag="260" ind1=" " ind2=" "><subfield code="c">[1869].</subfield></datafield><datafield tag="300" ind1=" " ind2=" "><subfield code="a">199 leaves :</subfield><subfield code="b">paper ;</subfield><subfield code="c">225 x 180 (150 x 109) mm.</subfield></datafield><datafield tag="500" ind1=" " ind2=" "><subfield code="a">Shelfmark: Ann Arbor, University of Michigan, Special Collections Library, Isl. Ms. 1024</subfield></datafield><datafield tag="500" ind1=" " ind2=" "><subfield code="a">Origin: As appears in colophon at close on p.397 (now affixed to lower pastedown), transcription apparently completed in Rabīʻ I 1286 [i.e. June-July 1869].</subfield></datafield><datafield tag="500" ind1=" " ind2=" "><subfield code="a">Accompanying materials: a. Slip with description in hand of Jameson "Biographical text| Ḥadīth literature [crossed out] | [month] Rabīʻ al-awwal 1386? or 1286? | Brought to RBR on 10-27-70 by Mr. Eilts. | Purchased by Mr. Sulaiman from Librarie Tunisienne in 1967. Letters &amp; invoice in MSS file" -- b. A few small pages torn from a printed book, text appears to be an excerpt from the listing of the Companions of the Prophet who took part in the Battle of Badr.</subfield></datafield><datafield tag="500" ind1=" " ind2=" "><subfield code="a">Former shelfmark: Mich. Isl. Ms. temp. no. 173</subfield></datafield><datafield tag="500" ind1=" " ind2=" "><subfield code="a">Binding: Pasteboards covered in brown leather ; Type II binding (with flap) ; upper pastedown / board lining and decoratively trimmed hinge in brown and cream mottled paper (sponge painted or faux marbled look) ; upper and lower covers carry blind-stamped scalloped mandorla (filled with symmetrical vegetal composition) and pendants with tooled rosette accents and rule border ; design continues on envelope flap ; sewn in cream thread over three recessed cords ; worked chevron endbands in lime green and yellow, fair condition with minor losses to tailband ; overall in fair condition with some staining, moisture damage (especially to lower cover), lifting and losses of spine leather, etc.</subfield></datafield><datafield tag="500" ind1=" " ind2=" "><subfield code="a">Support: European laid paper with 8 laid lines per cm. (vertical), chain lines spaced 30-32 mm. apart (horizontal), and watermark of crescent with face in profile in shield (see p.10, 12, 13, 272, 273, 394, etc.) and "A G" [i.e. Andrea Galvani] countermark (see p.20, 112, 113, 392, etc.), dense and sturdy, only lightly burnished ; minor pest damage.</subfield></datafield><datafield tag="500" ind1=" " ind2=" "><subfield code="a">Decoration: Headings and some keywords rubricated, others in dark red / brown, blue or green ; written area surrounded by dark red / brown double rule-border (with blue rule defining margin of incipit and facing page) ; textual dividers in the form of red inverted commas.</subfield></datafield><datafield tag="500" ind1=" " ind2=" "><subfield code="a">Script: Maghribī ; elegant hand in a fine line, mainly serifless with sweeping descenders, effect of some ascenders tilting to the right, pointing in distinct dots, etc.</subfield></datafield><datafield tag="500" ind1=" " ind2=" "><subfield code="a">Layout: Written in 17 lines per page ; frame-ruled.</subfield></datafield><datafield tag="500" ind1=" " ind2=" "><subfield code="a">Collation: i, 19 V(190), V-1 (199) ; exclusively quinions ; final leaf now partly affixed to lower board lining ; catchwords present ; pagination in pencil, Western numerals, supplied during digitization (includes front flyleaf and skips two pages between pp.317-318).</subfield></datafield><datafield tag="500" ind1=" " ind2=" "><subfield code="a">Colophon: "Scribal," reads "حرر في ربيع الاول سنة ١٢٨٦"</subfield></datafield><datafield tag="500" ind1=" " ind2=" "><subfield code="a">Explicit: "سبحان ربك رب العزة عما يصفون وسلام على المرسلين والحمد لله رب العالمين ... كمل الكتاب المبارك بحمد الله تعالى وحسن عونه والصلاة والسلام على من لا نبي بعده ..."</subfield></datafield><datafield tag="500" ind1=" " ind2=" "><subfield code="a">Incipit: "الحمد لله الذي جعل قلوب اوليائه محل معرفته ... وبعد فيقول العبد الفقير لمولاه الراجي مغفرته ورحمته ورضاه حمدون بن محمد الشريف الحسيني الجوطي لما دعاني منادي السعادة بلسان حاله على الافادة ... فيسر الله تعالى علي الطريق وقادني التوفيق الى معرفة القطب الامام ... مولانا الطيب بن القطب العارف بالله ... سيدي محمد بن القطب الكامل ... مولانا عبد الله الشريف الحسيني العلمي اليملاحي فاخذت عنه بواسطة تلميذه الشريف ... وكنت الازم الشيخ مولاي قاسم المذكور فاسمع منه اشارات وحكايات ينقلها عن ساداتنا المذكورين ... وسميته تحفة الاخوان ببعض مناقب شرفاء وزان ..."</subfield></datafield><datafield tag="500" ind1=" " ind2=" "><subfield code="a">Title from opening matter on p.7.</subfield></datafield><datafield tag="500" ind1=" " ind2=" "><subfield code="a">Ms. codex.</subfield></datafield><datafield tag="510" ind1="4" ind2=" "><subfield code="a">Walz, Terence. "The paper trade of Egypt and the Sudan in the eighteenth and nineteenth centuries." In Modernization in the Sudan: essays in honor of Richard Hill. Ed. M.W. Daly, (New York: Lilian Barber, 1985): 29-48.</subfield></datafield><datafield tag="510" ind1="4" ind2=" "><subfield code="a">Brockett, Adrian. "Aspects of the physical transmission of the Qurʼān in 19th-century Sudan : Script, decoration, binding, and paper." MME 2 (1987): 45-67.</subfield></datafield><datafield tag="510" ind1="4" ind2=" "><subfield code="a">Walz, Terence. "The paper trade of Egypt and the Sudan in the eighteenth and nineteenth centuries and its re-export to the Bilad as-Sudan." In The trans-Saharan book trade: manuscript culture, Arabic literacy, and intellectual history in Muslim Africa. Graziano Krätli and Ghislaine Lydon, Eds. (Leiden : Brill, 2011): 73-108.</subfield></datafield><datafield tag="520" ind1="8" ind2=" "><subfield code="a">Fine copy of the history of the shurafāʼ (descendants of the Prophet) of Wazzān by Ḥamdūn ibn Muḥammad al-Ṭāhirī al-Jūṭī (d.1777), followed by sayings and poetic excerpts attributed to the shurafāʼ.</subfield></datafield><datafield tag="538" ind1=" " ind2=" "><subfield code="a">Mode of access: Internet.</subfield></datafield><datafield tag="541" ind1=" " ind2=" "><subfield code="c">Purchase ;</subfield><subfield code="a">Purchased from Librairie Tunisienne by Mr. Sulaiman ;</subfield><subfield code="d">Received: 5-12-1967 ;</subfield><subfield code="e">(Sulaiman 690713-156)</subfield></datafield><datafield tag="546" ind1=" " ind2=" "><subfield code="a">Arabic.</subfield></datafield><datafield tag="561" ind1=" " ind2=" "><subfield code="a">UM Library inscription "Spec. Coll. Lib. | 690713-156 | Suleiman | 1968" in pencil on verso of front flyleaf (p.2) and on p.5 "General Library | 623379-22 | Librairie Tunisienne | 5-12-67" ; occasional glosses and marginal corrections ; rare notabilia (side-heads).</subfield></datafield><datafield tag="650" ind1=" " ind2="0"><subfield code="a">Manuscripts, Arabic</subfield><subfield code="z">Michigan</subfield><subfield code="z">Ann Arbor.</subfield></datafield><datafield tag="650" ind1=" " ind2="0"><subfield code="a">Muslim saints</subfield><subfield code="v">Biography</subfield><subfield code="v">Early works to 1800.</subfield></datafield><datafield tag="650" ind1=" " ind2="0"><subfield code="a">Muslims</subfield><subfield code="z">Morocco</subfield><subfield code="z">Wazzan</subfield><subfield code="v">Biography.</subfield></datafield><datafield tag="651" ind1=" " ind2="0"><subfield code="a">Wazzan (Morocco)</subfield><subfield code="x">History</subfield><subfield code="v">Early works to 1800.</subfield></datafield><datafield tag="651" ind1=" " ind2="0"><subfield code="a">Wazzan (Morocco)</subfield><subfield code="v">Biography</subfield><subfield code="v">Early works to 1800.</subfield></datafield><datafield tag="773" ind1="0" ind2=" "><subfield code="a">Sulaiman Purchase Collection.</subfield></datafield><datafield tag="880" ind1="1" ind2="0"><subfield code="6">245-03/</subfield><subfield code="a">تحفة الاخوان ببعض مناقب شرفاء وزان,</subfield><subfield code="f">[1286ه، 1869م].</subfield></datafield><datafield tag="880" ind1="1" ind2=" "><subfield code="6">100-01/</subfield><subfield code="a">طاهري الجوطي، حمدون بن محمد.</subfield></datafield><datafield tag="CID" ind1=" " ind2=" "><subfield code="a">006834423</subfield></datafield><datafield tag="DAT" ind1="0" ind2=" "><subfield code="a">20190719102641.0</subfield><subfield code="b">20190719000000.0</subfield></datafield><datafield tag="DAT" ind1="1" ind2=" "><subfield code="a">20190719090653.0</subfield><subfield code="b">2019-07-19T16:12:22Z</subfield></datafield><datafield tag="DAT" ind1="2" ind2=" "><subfield code="a">2015-10-02T18:00:03Z</subfield></datafield><datafield tag="CAT" ind1=" " ind2=" "><subfield code="a">SDR-MIU</subfield><subfield code="d">EX LIBRIS - ALEPH</subfield><subfield code="l">prepare.pl-004-008</subfield></datafield><datafield tag="FMT" ind1=" " ind2=" "><subfield code="a">BK</subfield></datafield><datafield tag="HOL" ind1=" " ind2=" "><subfield code="0">sdr-miu006834423</subfield><subfield code="a">MiU</subfield><subfield code="b">SDR</subfield><subfield code="c">MIU</subfield><subfield code="p">mdp.39015079132117</subfield><subfield code="s">MIU</subfield><subfield code="1">006834423</subfield></datafield><datafield tag="974" ind1=" " ind2=" "><subfield code="b">MIU</subfield><subfield code="c">MIU</subfield><subfield code="d">20190719</subfield><subfield code="s">lit-dlps-dc</subfield><subfield code="u">mdp.39015079132117</subfield><subfield code="y">1869</subfield><subfield code="r">pd</subfield><subfield code="q">bib</subfield><subfield code="t">non-US bib date1 &lt; 1896</subfield></datafield></record></collection>